# ESTE ES UN ARCHIVO DE BIBLIOGRAFIA DE EJEMPLO QUE FORMA
# PARTE DE BAAA2012.TAR
@ARTICLE{1948DeVaucoulers,
       author = {{de Vaucouleurs}, Gerard},
        title = "{Recherches sur les Nebuleuses Extragalactiques}",
      journal = {Annales d'Astrophysique},
         year = 1948,
        month = jan,
       volume = {11},
        pages = {247},
       adsurl = {https://ui.adsabs.harvard.edu/abs/1948AnAp...11..247D},
      adsnote = {Provided by the SAO/NASA Astrophysics Data System}
}
@ARTICLE{1970Exponencial,
       author = {{Freeman}, K.~C.},
        title = "{On the Disks of Spiral and S0 Galaxies}",
      journal = {\apj},
         year = 1970,
        month = jun,
       volume = {160},
        pages = {811},
          doi = {10.1086/150474},
       adsurl = {https://ui.adsabs.harvard.edu/abs/1970ApJ...160..811F},
      adsnote = {Provided by the SAO/NASA Astrophysics Data System}
}

@ARTICLE{1963Sersic,
       author = {{S{\'e}rsic}, J.~L.},
        title = "{Influence of the atmospheric and instrumental dispersion on the brightness distribution in a galaxy}",
      journal = {Boletin de la Asociacion Argentina de Astronomia La Plata Argentina},
         year = 1963,
        month = feb,
       volume = {6},
        pages = {41-43},
       adsurl = {https://ui.adsabs.harvard.edu/abs/1963BAAA....6...41S},
      adsnote = {Provided by the SAO/NASA Astrophysics Data System}
}
@ARTICLE{2004Bimodalidad,
       author = {{Baldry}, Ivan K. and {Glazebrook}, Karl and {Brinkmann}, Jon and {Ivezi{\'c}}, {\v{Z}}eljko and {Lupton}, Robert H. and {Nichol}, Robert C. and {Szalay}, Alexander S.},
        title = "{Quantifying the Bimodal Color-Magnitude Distribution of Galaxies}",
      journal = {\apj},
     keywords = {Galaxies: Evolution, Galaxies: Fundamental Parameters, Galaxies: Luminosity Function, Mass Function, Galaxies: Photometry, Astrophysics},
         year = 2004,
        month = jan,
       volume = {600},
       number = {2},
        pages = {681-694},
          doi = {10.1086/380092},
archivePrefix = {arXiv},
       eprint = {astro-ph/0309710},
 primaryClass = {astro-ph},
       adsurl = {https://ui.adsabs.harvard.edu/abs/2004ApJ...600..681B},
      adsnote = {Provided by the SAO/NASA Astrophysics Data System}
}

@article{york2000sloan,
  title={The sloan digital sky survey: Technical summary},
  author={York, Donald G and Adelman, Jennifer and Anderson Jr, John E and Anderson, Scott F and Annis, James and Bahcall, Neta A and Bakken, JA and Barkhouser, Robert and Bastian, Steven and Berman, Eileen and others},
  journal={The Astronomical Journal},
  volume={120},
  number={3},
  pages={1579},
  year={2000},
  publisher={IOP Publishing}
}

@ARTICLE{2003AJ....126.2081A,
       author = {{Abazajian}, Kevork and {Adelman-McCarthy}, Jennifer K. and {Ag{\"u}eros}, Marcel A. and {Allam}, Sahar S. and {Anderson}, Scott F. and {Annis}, James and {Bahcall}, Neta A. and {Baldry}, Ivan K. and {Bastian}, Steven and {Berlind}, Andreas and {Bernardi}, Mariangela and {Blanton}, Michael R. and {Blythe}, Norman and {Bochanski}, Jr., John J. and {Boroski}, William N. and {Brewington}, Howard and {Briggs}, John W. and {Brinkmann}, J. and {Brunner}, Robert J. and {Budav{\'a}ri}, Tam{\'a}s and {Carey}, Larry N. and {Carr}, Michael A. and {Castander}, Francisco J. and {Chiu}, Kuenley and {Collinge}, Matthew J. and {Connolly}, A.~J. and {Covey}, Kevin R. and {Csabai}, Istv{\'a}n and {Dalcanton}, Julianne J. and {Dodelson}, Scott and {Doi}, Mamoru and {Dong}, Feng and {Eisenstein}, Daniel J. and {Evans}, Michael L. and {Fan}, Xiaohui and {Feldman}, Paul D. and {Finkbeiner}, Douglas P. and {Friedman}, Scott D. and {Frieman}, Joshua A. and {Fukugita}, Masataka and {Gal}, Roy R. and {Gillespie}, Bruce and {Glazebrook}, Karl and {Gonzalez}, Carlos F. and {Gray}, Jim and {Grebel}, Eva K. and {Grodnicki}, Lauren and {Gunn}, James E. and {Gurbani}, Vijay K. and {Hall}, Patrick B. and {Hao}, Lei and {Harbeck}, Daniel and {Harris}, Frederick H. and {Harris}, Hugh C. and {Harvanek}, Michael and {Hawley}, Suzanne L. and {Heckman}, Timothy M. and {Helmboldt}, J.~F. and {Hendry}, John S. and {Hennessy}, Gregory S. and {Hindsley}, Robert B. and {Hogg}, David W. and {Holmgren}, Donald J. and {Holtzman}, Jon A. and {Homer}, Lee and {Hui}, Lam and {Ichikawa}, Shin-ichi and {Ichikawa}, Takashi and {Inkmann}, John P. and {Ivezi{\'c}}, {\v{Z}}eljko and {Jester}, Sebastian and {Johnston}, David E. and {Jordan}, Beatrice and {Jordan}, Wendell P. and {Jorgensen}, Anders M. and {Juri{\'c}}, Mario and {Kauffmann}, Guinevere and {Kent}, Stephen M. and {Kleinman}, S.~J. and {Knapp}, G.~R. and {Kniazev}, Alexei Y. and {Kron}, Richard G. and {Krzesi{\'n}ski}, Jurek and {Kunszt}, Peter Z. and {Kuropatkin}, Nickolai and {Lamb}, Donald Q. and {Lampeitl}, Hubert and {Laubscher}, Bryan E. and {Lee}, Brian C. and {Leger}, R. French and {Li}, Nolan and {Lidz}, Adam and {Lin}, Huan and {Loh}, Yeong-Shang and {Long}, Daniel C. and {Loveday}, Jon and {Lupton}, Robert H. and {Malik}, Tanu and {Margon}, Bruce and {McGehee}, Peregrine M. and {McKay}, Timothy A. and {Meiksin}, Avery and {Miknaitis}, Gajus A. and {Moorthy}, Bhasker K. and {Munn}, Jeffrey A. and {Murphy}, Tara and {Nakajima}, Reiko and {Narayanan}, Vijay K. and {Nash}, Thomas and {Neilsen}, Jr., Eric H. and {Newberg}, Heidi Jo and {Newman}, Peter R. and {Nichol}, Robert C. and {Nicinski}, Tom and {Nieto-Santisteban}, Maria and {Nitta}, Atsuko and {Odenkirchen}, Michael and {Okamura}, Sadanori and {Ostriker}, Jeremiah P. and {Owen}, Russell and {Padmanabhan}, Nikhil and {Peoples}, John and {Pier}, Jeffrey R. and {Pindor}, Bartosz and {Pope}, Adrian C. and {Quinn}, Thomas R. and {Rafikov}, R.~R. and {Raymond}, Sean N. and {Richards}, Gordon T. and {Richmond}, Michael W. and {Rix}, Hans-Walter and {Rockosi}, Constance M. and {Schaye}, Joop and {Schlegel}, David J. and {Schneider}, Donald P. and {Schroeder}, Joshua and {Scranton}, Ryan and {Sekiguchi}, Maki and {Seljak}, Uro{\v{s}} and {Sergey}, Gary and {Sesar}, Branimir and {Sheldon}, Erin and {Shimasaku}, Kazu and {Siegmund}, Walter A. and {Silvestri}, Nicole M. and {Sinisgalli}, Allan J. and {Sirko}, Edwin and {Smith}, J. Allyn and {Smol{\v{c}}i{\'c}}, Vernesa and {Snedden}, Stephanie A. and {Stebbins}, Albert and {Steinhardt}, Charles and {Stinson}, Gregory and {Stoughton}, Chris and {Strateva}, Iskra V. and {Strauss}, Michael A. and {SubbaRao}, Mark and {Szalay}, Alexander S. and {Szapudi}, Istv{\'a}n and {Szkody}, Paula and {Tasca}, Lidia and {Tegmark}, Max and {Thakar}, Aniruddha R. and {Tremonti}, Christy and {Tucker}, Douglas L. and {Uomoto}, Alan and {Vanden Berk}, Daniel E. and {Vandenberg}, Jan and {Vogeley}, Michael S. and {Voges}, Wolfgang and {Vogt}, Nicole P. and {Walkowicz}, Lucianne M. and {Weinberg}, David H. and {West}, Andrew A. and {White}, Simon D.~M. and {Wilhite}, Brian C. and {Willman}, Beth and {Xu}, Yongzhong and {Yanny}, Brian and {Yarger}, Jean and {Yasuda}, Naoki and {Yip}, Ching-Wa and {Yocum}, D.~R. and {York}, Donald G. and {Zakamska}, Nadia L. and {Zehavi}, Idit and {Zheng}, Wei and {Zibetti}, Stefano and {Zucker}, Daniel B.},
        title = "{The First Data Release of the Sloan Digital Sky Survey}",
      journal = {\aj},
     keywords = {Atlases, Catalogs, Surveys, Astrophysics},
         year = 2003,
        month = oct,
       volume = {126},
       number = {4},
        pages = {2081-2086},
          doi = {10.1086/378165},
archivePrefix = {arXiv},
       eprint = {astro-ph/0305492},
 primaryClass = {astro-ph},
       adsurl = {https://ui.adsabs.harvard.edu/abs/2003AJ....126.2081A},
      adsnote = {Provided by the SAO/NASA Astrophysics Data System}
}




@ARTICLE{1926Hubble_morf,
       author = {{Hubble}, E.~P.},
        title = "{Extragalactic nebulae.}",
      journal = {\apj},
         year = 1926,
        month = dec,
       volume = {64},
        pages = {321-369},
          doi = {10.1086/143018},
       adsurl = {https://ui.adsabs.harvard.edu/abs/1926ApJ....64..321H},
      adsnote = {Provided by the SAO/NASA Astrophysics Data System}
}

@ARTICLE{pallathadka2025nineteenth,
  title={The Nineteenth Data Release of the Sloan Digital Sky Survey},
  author={Pallathadka, Gautham Adamane and Aghakhanloo, Mojgan and Aird, James and Almeida, Andr{\'e}s and Amrita, Singh and Anders, Friedrich and Anderson, Scott F and Arseneau, Stefan and Avila, Consuelo Gonz{\'a}lez and Aviram, Shir and others},
  journal={arXiv preprint arXiv:2507.07093},
  year={2025}
}
@misc{libroimportante,
  title={The elements of statistical learning: data mining, inference, and prediction},
  author={Hastie, Trevor},
  year={2009},
  publisher={Springer}
}

@article{2016SciServer,
  title={Data integration for materials research},
  author={Carey, Nicholas S and Budav{\'a}ri, Tam{\'a}s and Daphalapurkar, Nitin and Ramesh, KT},
  journal={Integrating Materials and Manufacturing Innovation},
  volume={5},
  number={1},
  pages={143--153},
  year={2016},
  publisher={Springer}
}




