# ESTE ES UN ARCHIVO DE BIBLIOGRAFIA DE EJEMPLO QUE FORMA
# PARTE DE BAAA2012.TAR
                       
@ARTICLE{2022ApJS..259...35A,
       author = {{Abdurro'uf} and {Accetta}, Katherine and {Aerts}, Conny and {Silva Aguirre}, V{\'\i}ctor and {Ahumada}, Romina and {Ajgaonkar}, Nikhil and {Filiz Ak}, N. and {Alam}, Shadab and {Allende Prieto}, Carlos and {Almeida}, Andr{\'e}s and {Anders}, Friedrich and {Anderson}, Scott F. and {Andrews}, Brett H. and {Anguiano}, Borja and {Aquino-Ort{\'\i}z}, Erik and {Arag{\'o}n-Salamanca}, Alfonso and {Argudo-Fern{\'a}ndez}, Maria and {Ata}, Metin and {Aubert}, Marie and {Avila-Reese}, Vladimir and {Badenes}, Carles and {Barb{\'a}}, Rodolfo H. and {Barger}, Kat and {Barrera-Ballesteros}, Jorge K. and {Beaton}, Rachael L. and {Beers}, Timothy C. and {Belfiore}, Francesco and {Bender}, Chad F. and {Bernardi}, Mariangela and {Bershady}, Matthew A. and {Beutler}, Florian and {Bidin}, Christian Moni and {Bird}, Jonathan C. and {Bizyaev}, Dmitry and {Blanc}, Guillermo A. and {Blanton}, Michael R. and {Boardman}, Nicholas Fraser and {Bolton}, Adam S. and {Boquien}, M{\'e}d{\'e}ric and {Borissova}, Jura and {Bovy}, Jo and {Brandt}, W.~N. and {Brown}, Jordan and {Brownstein}, Joel R. and {Brusa}, Marcella and {Buchner}, Johannes and {Bundy}, Kevin and {Burchett}, Joseph N. and {Bureau}, Martin and {Burgasser}, Adam and {Cabang}, Tuesday K. and {Campbell}, Stephanie and {Cappellari}, Michele and {Carlberg}, Joleen K. and {Wanderley}, F{\'a}bio Carneiro and {Carrera}, Ricardo and {Cash}, Jennifer and {Chen}, Yan-Ping and {Chen}, Wei-Huai and {Cherinka}, Brian and {Chiappini}, Cristina and {Choi}, Peter Doohyun and {Chojnowski}, S. Drew and {Chung}, Haeun and {Clerc}, Nicolas and {Cohen}, Roger E. and {Comerford}, Julia M. and {Comparat}, Johan and {da Costa}, Luiz and {Covey}, Kevin and {Crane}, Jeffrey D. and {Cruz-Gonzalez}, Irene and {Culhane}, Connor and {Cunha}, Katia and {Dai}, Y. Sophia and {Damke}, Guillermo and {Darling}, Jeremy and {Davidson}, Jr., James W. and {Davies}, Roger and {Dawson}, Kyle and {De Lee}, Nathan and {Diamond-Stanic}, Aleksandar M. and {Cano-D{\'\i}az}, Mariana and {S{\'a}nchez}, Helena Dom{\'\i}nguez and {Donor}, John and {Duckworth}, Chris and {Dwelly}, Tom and {Eisenstein}, Daniel J. and {Elsworth}, Yvonne P. and {Emsellem}, Eric and {Eracleous}, Mike and {Escoffier}, Stephanie and {Fan}, Xiaohui and {Farr}, Emily and {Feng}, Shuai and {Fern{\'a}ndez-Trincado}, Jos{\'e} G. and {Feuillet}, Diane and {Filipp}, Andreas and {Fillingham}, Sean P. and {Frinchaboy}, Peter M. and {Fromenteau}, Sebastien and {Galbany}, Llu{\'\i}s and {Garc{\'\i}a}, Rafael A. and {Garc{\'\i}a-Hern{\'a}ndez}, D.~A. and {Ge}, Junqiang and {Geisler}, Doug and {Gelfand}, Joseph and {G{\'e}ron}, Tobias and {Gibson}, Benjamin J. and {Goddy}, Julian and {Godoy-Rivera}, Diego and {Grabowski}, Kathleen and {Green}, Paul J. and {Greener}, Michael and {Grier}, Catherine J. and {Griffith}, Emily and {Guo}, Hong and {Guy}, Julien and {Hadjara}, Massinissa and {Harding}, Paul and {Hasselquist}, Sten and {Hayes}, Christian R. and {Hearty}, Fred and {Hern{\'a}ndez}, Jes{\'u}s and {Hill}, Lewis and {Hogg}, David W. and {Holtzman}, Jon A. and {Horta}, Danny and {Hsieh}, Bau-Ching and {Hsu}, Chin-Hao and {Hsu}, Yun-Hsin and {Huber}, Daniel and {Huertas-Company}, Marc and {Hutchinson}, Brian and {Hwang}, Ho Seong and {Ibarra-Medel}, H{\'e}ctor J. and {Chitham}, Jacob Ider and {Ilha}, Gabriele S. and {Imig}, Julie and {Jaekle}, Will and {Jayasinghe}, Tharindu and {Ji}, Xihan and {Johnson}, Jennifer A. and {Jones}, Amy and {J{\"o}nsson}, Henrik and {Katkov}, Ivan and {Khalatyan}, Dr., Arman and {Kinemuchi}, Karen and {Kisku}, Shobhit and {Knapen}, Johan H. and {Kneib}, Jean-Paul and {Kollmeier}, Juna A. and {Kong}, Miranda and {Kounkel}, Marina and {Kreckel}, Kathryn and {Krishnarao}, Dhanesh and {Lacerna}, Ivan and {Lane}, Richard R. and {Langgin}, Rachel and {Lavender}, Ramon and {Law}, David R. and {Lazarz}, Daniel and {Leung}, Henry W. and {Leung}, Ho-Hin and {Lewis}, Hannah M. and {Li}, Cheng and {Li}, Ran and {Lian}, Jianhui and {Liang}, Fu-Heng and {Lin}, Lihwai and {Lin}, Yen-Ting and {Lin}, Sicheng and {Lintott}, Chris and {Long}, Dan and {Longa-Pe{\~n}a}, Pen{\'e}lope and {L{\'o}pez-Cob{\'a}}, Carlos and {Lu}, Shengdong and {Lundgren}, Britt F. and {Luo}, Yuanze and {Mackereth}, J. Ted and {de la Macorra}, Axel and {Mahadevan}, Suvrath and {Majewski}, Steven R. and {Manchado}, Arturo and {Mandeville}, Travis and {Maraston}, Claudia and {Margalef-Bentabol}, Berta and {Masseron}, Thomas and {Masters}, Karen L. and {Mathur}, Savita and {McDermid}, Richard M. and {Mckay}, Myles and {Merloni}, Andrea and {Merrifield}, Michael and {Meszaros}, Szabolcs and {Miglio}, Andrea and {Di Mille}, Francesco and {Minniti}, Dante and {Minsley}, Rebecca and {Monachesi}, Antonela},
        title = "{The Seventeenth Data Release of the Sloan Digital Sky Surveys: Complete Release of MaNGA, MaStar, and APOGEE-2 Data}",
      journal = {\apjs},
     keywords = {Astronomy data acquisition, Astronomy databases, Surveys, 1860, 83, 1671, Astrophysics - Astrophysics of Galaxies, Astrophysics - Instrumentation and Methods for Astrophysics},
         year = 2022,
        month = apr,
       volume = {259},
       number = {2},
          eid = {35},
        pages = {35},
          doi = {10.3847/1538-4365/ac4414},
archivePrefix = {arXiv},
       eprint = {2112.02026},
 primaryClass = {astro-ph.GA},
       adsurl = {https://ui.adsabs.harvard.edu/abs/2022ApJS..259...35A},
      adsnote = {Provided by the SAO/NASA Astrophysics Data System}
}
@ARTICLE{2003AJ....126.2081A,
       author = {{Abazajian}, Kevork and {Adelman-McCarthy}, Jennifer K. and {Ag{\"u}eros}, Marcel A. and {Allam}, Sahar S. and {Anderson}, Scott F. and {Annis}, James and {Bahcall}, Neta A. and {Baldry}, Ivan K. and {Bastian}, Steven and {Berlind}, Andreas and {Bernardi}, Mariangela and {Blanton}, Michael R. and {Blythe}, Norman and {Bochanski}, Jr., John J. and {Boroski}, William N. and {Brewington}, Howard and {Briggs}, John W. and {Brinkmann}, J. and {Brunner}, Robert J. and {Budav{\'a}ri}, Tam{\'a}s and {Carey}, Larry N. and {Carr}, Michael A. and {Castander}, Francisco J. and {Chiu}, Kuenley and {Collinge}, Matthew J. and {Connolly}, A.~J. and {Covey}, Kevin R. and {Csabai}, Istv{\'a}n and {Dalcanton}, Julianne J. and {Dodelson}, Scott and {Doi}, Mamoru and {Dong}, Feng and {Eisenstein}, Daniel J. and {Evans}, Michael L. and {Fan}, Xiaohui and {Feldman}, Paul D. and {Finkbeiner}, Douglas P. and {Friedman}, Scott D. and {Frieman}, Joshua A. and {Fukugita}, Masataka and {Gal}, Roy R. and {Gillespie}, Bruce and {Glazebrook}, Karl and {Gonzalez}, Carlos F. and {Gray}, Jim and {Grebel}, Eva K. and {Grodnicki}, Lauren and {Gunn}, James E. and {Gurbani}, Vijay K. and {Hall}, Patrick B. and {Hao}, Lei and {Harbeck}, Daniel and {Harris}, Frederick H. and {Harris}, Hugh C. and {Harvanek}, Michael and {Hawley}, Suzanne L. and {Heckman}, Timothy M. and {Helmboldt}, J.~F. and {Hendry}, John S. and {Hennessy}, Gregory S. and {Hindsley}, Robert B. and {Hogg}, David W. and {Holmgren}, Donald J. and {Holtzman}, Jon A. and {Homer}, Lee and {Hui}, Lam and {Ichikawa}, Shin-ichi and {Ichikawa}, Takashi and {Inkmann}, John P. and {Ivezi{\'c}}, {\v{Z}}eljko and {Jester}, Sebastian and {Johnston}, David E. and {Jordan}, Beatrice and {Jordan}, Wendell P. and {Jorgensen}, Anders M. and {Juri{\'c}}, Mario and {Kauffmann}, Guinevere and {Kent}, Stephen M. and {Kleinman}, S.~J. and {Knapp}, G.~R. and {Kniazev}, Alexei Y. and {Kron}, Richard G. and {Krzesi{\'n}ski}, Jurek and {Kunszt}, Peter Z. and {Kuropatkin}, Nickolai and {Lamb}, Donald Q. and {Lampeitl}, Hubert and {Laubscher}, Bryan E. and {Lee}, Brian C. and {Leger}, R. French and {Li}, Nolan and {Lidz}, Adam and {Lin}, Huan and {Loh}, Yeong-Shang and {Long}, Daniel C. and {Loveday}, Jon and {Lupton}, Robert H. and {Malik}, Tanu and {Margon}, Bruce and {McGehee}, Peregrine M. and {McKay}, Timothy A. and {Meiksin}, Avery and {Miknaitis}, Gajus A. and {Moorthy}, Bhasker K. and {Munn}, Jeffrey A. and {Murphy}, Tara and {Nakajima}, Reiko and {Narayanan}, Vijay K. and {Nash}, Thomas and {Neilsen}, Jr., Eric H. and {Newberg}, Heidi Jo and {Newman}, Peter R. and {Nichol}, Robert C. and {Nicinski}, Tom and {Nieto-Santisteban}, Maria and {Nitta}, Atsuko and {Odenkirchen}, Michael and {Okamura}, Sadanori and {Ostriker}, Jeremiah P. and {Owen}, Russell and {Padmanabhan}, Nikhil and {Peoples}, John and {Pier}, Jeffrey R. and {Pindor}, Bartosz and {Pope}, Adrian C. and {Quinn}, Thomas R. and {Rafikov}, R.~R. and {Raymond}, Sean N. and {Richards}, Gordon T. and {Richmond}, Michael W. and {Rix}, Hans-Walter and {Rockosi}, Constance M. and {Schaye}, Joop and {Schlegel}, David J. and {Schneider}, Donald P. and {Schroeder}, Joshua and {Scranton}, Ryan and {Sekiguchi}, Maki and {Seljak}, Uro{\v{s}} and {Sergey}, Gary and {Sesar}, Branimir and {Sheldon}, Erin and {Shimasaku}, Kazu and {Siegmund}, Walter A. and {Silvestri}, Nicole M. and {Sinisgalli}, Allan J. and {Sirko}, Edwin and {Smith}, J. Allyn and {Smol{\v{c}}i{\'c}}, Vernesa and {Snedden}, Stephanie A. and {Stebbins}, Albert and {Steinhardt}, Charles and {Stinson}, Gregory and {Stoughton}, Chris and {Strateva}, Iskra V. and {Strauss}, Michael A. and {SubbaRao}, Mark and {Szalay}, Alexander S. and {Szapudi}, Istv{\'a}n and {Szkody}, Paula and {Tasca}, Lidia and {Tegmark}, Max and {Thakar}, Aniruddha R. and {Tremonti}, Christy and {Tucker}, Douglas L. and {Uomoto}, Alan and {Vanden Berk}, Daniel E. and {Vandenberg}, Jan and {Vogeley}, Michael S. and {Voges}, Wolfgang and {Vogt}, Nicole P. and {Walkowicz}, Lucianne M. and {Weinberg}, David H. and {West}, Andrew A. and {White}, Simon D.~M. and {Wilhite}, Brian C. and {Willman}, Beth and {Xu}, Yongzhong and {Yanny}, Brian and {Yarger}, Jean and {Yasuda}, Naoki and {Yip}, Ching-Wa and {Yocum}, D.~R. and {York}, Donald G. and {Zakamska}, Nadia L. and {Zehavi}, Idit and {Zheng}, Wei and {Zibetti}, Stefano and {Zucker}, Daniel B.},
        title = "{The First Data Release of the Sloan Digital Sky Survey}",
      journal = {\aj},
     keywords = {Atlases, Catalogs, Surveys, Astrophysics},
         year = 2003,
        month = oct,
       volume = {126},
       number = {4},
        pages = {2081-2086},
          doi = {10.1086/378165},
archivePrefix = {arXiv},
       eprint = {astro-ph/0305492},
 primaryClass = {astro-ph},
       adsurl = {https://ui.adsabs.harvard.edu/abs/2003AJ....126.2081A},
      adsnote = {Provided by the SAO/NASA Astrophysics Data System}
}



@ARTICLE{navarro_NFW_1997,
   author = {{Navarro}, J.~F. and {Frenk}, C.~S. and {White}, S.~D.~M.},
    title = "{A Universal Density Profile from Hierarchical Clustering}",
  journal = {ApJ},
   eprint = {arXiv:astro-ph/9611107},
 keywords = {COSMOLOGY: THEORY, COSMOLOGY: DARK MATTER, GALAXIES: HALOS, METHODS: NUMERICAL},
     year = 1997,
    month = dec,
   volume = 490,
    pages = {493},
      doi = {10.1086/304888},
   adsurl = {http://esoads.eso.org/abs/1997ApJ...490..493N},
  adsnote = {Provided by the SAO/NASA Astrophysics Data System}
}

